@Misc{ideyet,
author = "Manuel Hoffman",
title = "{Are We Ide Yet?}",
howpublished = "{\url{https://areweideyet.com/}}",
year = "{2015}",
note = "{Online, elérve: 2019}"
}

@Misc{lsp,
author = "Microsoft",
title = "{Language Server Protocol}",
howpublished = "{\url{https://microsoft.github.io/language-server-protocol/}}",
year = "{2015}",
note = "{Online, elérve: 2019}"
}

@Misc{ride,
author = "Gustav Jansson",
title = "{Ride}",
howpublished = "{\url{https://github.com/madeso/ride}}",
year = "{2015}",
note = "{Online, elérve: 2019}"
}

@Misc{solidoak,
author = "Zach Oakes",
title = "{SolidOak}",
howpublished = "{\url{https://github.com/oakes/SolidOak}}",
year = "{2014}",
note = "{Online, elérve: 2019}"
}

@Misc{rls,
author = "{Rust fejlesztők}",
title = "{Rust Language Server}",
howpublished = "{\url{https://github.com/rust-lang/rls}}",
year = "{2016}",
note = "{Online, elérve: 2019}"
}

@Misc{racer,
author = "Antoine Kalmbach and Wilfred Hughes",
title = "{Rust Auto-Complete-er}",
howpublished = "{\url{https://github.com/racer-rust/racer}}",
year = "{2014}",
note = "{Online, elérve: 2019}"
}

@Misc{clippy,
author = "{Rust fejlesztők}",
title = "{Clippy}",
howpublished = "{\url{https://github.com/rust-lang/rust-clippy}}",
year = "{2014}",
note = "{Online, elérve: 2019}"
}

@Misc{rustfmt,
author = "{Rust fejlesztők}",
title = "{rustfmt}",
howpublished = "{\url{https://github.com/rust-lang/rustfmt}}",
year = "{2015}",
note = "{Online, elérve: 2019}"
}

@Misc{oldpage:main,
author = "{Rust fejlesztők}",
title = "{The Rust Programming Language}",
howpublished = "{\url{https://prev.rust-lang.org/en-US/}}",
year = "{2011}",
note = "{Ez a Rust projekt régebbi, 2019 előtti weboldala. Elérve: 2019}"
}

@Misc{newpage:main,
author = "{Rust fejlesztők}",
title = "{The Rust Programming Language}",
howpublished = "{\url{https://rust-lang.org/}}",
year = "{2018}",
note = "{Ez a Rust jelenlegi weboldala. Elérve: 2019}"
}